@article{rohrer2002movement,
  title={Movement smoothness changes during stroke recovery},
  author={Rohrer, Brandon and Fasoli, Susan and Krebs, Hermano Igo and Hughes, Richard and Volpe, Bruce and Frontera, Walter R and Stein, Joel and Hogan, Neville},
  journal={Journal of Neuroscience},
  volume={22},
  number={18},
  pages={8297--8304},
  year={2002},
  publisher={Soc Neuroscience}
}

@misc{coutts2025ingress,
  author       = {Josh Coutts},
  title        = {Addressing Ingress Protection for Home Healthcare Medical Devices},
  year         = {2025},
  howpublished = {\url{https://starfishmedical.com/resource/addressing-ingress-protection-for-home-healthcare-medical-devices/}},
  note         = {Accessed: 2025-04-20}
}


@online{EEStackExchange2019,
  author    = {Electrical Engineering Stack Exchange},
  title     = {Safety: Can I harm myself using an AC, 9V 500mA power supply for experiments?},
  year      = {2019},
  month     = sep,
  url       = {https://electronics.stackexchange.com/questions/458058/safety-can-i-harm-myself-using-an-ac-9v-500ma-power-supply-for-experiments},
  note      = {Accessed: 2025-04-22}
}


@article{guerra2014hand,
  title={Hand length as an alternative measurement of height},
  author={Guerra, RS and Fonseca, I and Pichel, F and Restivo, MT and Amaral, TF},
  journal={European journal of clinical nutrition},
  volume={68},
  number={2},
  pages={229--233},
  year={2014},
  publisher={Nature Publishing Group}
}


@misc{das_adc2020,
  author = {Das, Arnab Kumar},
  title = {ADC Concept in Arduino: Understanding Quantization and Resolution},
  year = {2020},
  url = {https://www.arnabkumardas.com/arduino-tutorial/adc-concept/},
  note = {Accessed: 2025-04-18}
}

@article{kortier2014assessment,
  title={Assessment of hand kinematics using inertial and magnetic sensors},
  author={Kortier, Henk G and Sluiter, Victor I and Roetenberg, Daniel and Veltink, Peter H},
  journal={Journal of neuroengineering and rehabilitation},
  volume={11},
  pages={1--15},
  year={2014},
  publisher={Springer}
}


@article{yuzer2017randomized,
  title={A randomized controlled study: effectiveness of functional electrical stimulation on wrist and finger flexor spasticity in hemiplegia},
  author={Yuzer, G{\"u}ldal Funda Nakipo{\u{g}}lu and D{\"o}nmez, Burcu K{\"o}se and {\"O}zgirgin, Ne{\c{s}}e},
  journal={Journal of Stroke and Cerebrovascular Diseases},
  volume={26},
  number={7},
  pages={1467--1471},
  year={2017},
  publisher={Elsevier}
}


@article{wiyono2021simulation,
  title={Simulation Of Automatic Train Doorstop Using Hall Effect A3144 Sensor Based On Arduino Uno},
  author={Wiyono, Puguh and Hartoyo, Hartoyo and others},
  journal={JEEMECS (Journal of Electrical Engineering, Mechatronic and Computer Science)},
  volume={4},
  number={2},
  pages={69--78},
  year={2021}
}


@misc{primex2023,
  title={Best Hospital Temperature for Patient Comfort and Staff Efficiency},
  author={{Primex}},
  year={2023},
  url={https://www.primexinc.com/en/blog/best-hospital-temperature-for-patient-comfort-staff-efficiency.html},
  note={Accessed: 2025-04-20}
}


@article{gao2010design,
  title={Design and fabrication of a magnetic propulsion system for self-propelled capsule endoscope},
  author={Gao, Mingyuan and Hu, Chengzhi and Chen, Zhenzhi and Zhang, Honghai and Liu, Sheng},
  journal={IEEE Transactions on Biomedical Engineering},
  volume={57},
  number={12},
  pages={2891--2902},
  year={2010},
  publisher={IEEE}
}


@manual{arduino,
  title = {ATmega328P Datasheet},
  author = {Microchip Technology Inc.},
  year = {2016},
  url = {https://www.microchip.com/wwwproducts/en/ATmega328P},
  note = {Accessed: 2025-04-25}
}


@misc{honeywell2016ss495a,
  author       = {Honeywell},
  title        = {{SS495A Datasheet – SS490 Series Miniature Ratiometric Linear Hall Effect Sensors}},
  year         = {2016},
  note         = {Product datasheet}
}

@techreport{honeywell1983hall,
  author       = {Honeywell},
  title        = {{Hall Effect Sensing and Application}},
  institution  = {Micro Switch Sensing and Control},
  year         = {1983},
  chapter      = {4},
  note         = {Application Note; Techniques for analog Hall sensor interfacing and offset nulling}
}

@misc{hu2025adc,
  author       = {L. Hu},
  title        = {{Analogue to Digital Converter (ADC) Basics}},
  howpublished = {EE Times},
  year         = {2025},
  month        = apr,
  note         = {ADC resolution: 10-bit = 4.88 mV @ 5 V}
}

@article{clark2021wearable,
  author       = {J. W. Clark and others},
  title        = {{Wearable technology in stroke rehabilitation: towards improved monitoring and patient engagement}},
  journal      = {Journal of NeuroEngineering and Rehabilitation},
  volume       = {18},
  number       = {1},
  pages        = {1--15},
  year         = {2021}
}

@misc{kilgard2023interview,
  author       = {M. Kilgard},
  title        = {{Researchers’ At-Home Rehab System … measure force and movement of arms and fingers so that therapists can quantify work and progress}},
  howpublished = {Interview in UT Dallas News Center, News Release},
  month        = nov,
  year         = {2023}
}

@misc{sanal2019gesture,
  author       = {J. Sanal},
  title        = {{Making a Gesture Controller Glove Using Hall Effect Sensor}},
  howpublished = {Instructables},
  year         = {2019},
  note         = {Project using a magnet and Hall sensor in a glove to measure finger flex}
}

@techreport{allegro2018offset,
  author       = {Allegro MicroSystems},
  title        = {{Shifting the Offset Voltage of Current Sensors}},
  institution  = {Allegro MicroSystems},
  year         = {2018},
  number       = {AN27701},
  note         = {Describes using a differential op amp to remove 0.1 Vcc offset}
}

@misc{arduino2022analog,
  author       = {{Arduino Documentation}},
  title        = {{Analog Input}},
  howpublished = {\url{https://www.arduino.cc/en/Tutorial/Foundations/AnalogInput}},
  year         = {2022},
  note         = {Using Arduino’s ADC with analog sensors; 10-bit ADC characteristics}
}

@inproceedings{pawar2015hall,
  author       = {P. S. Pawar and others},
  title        = {{An Example of a Hall-effect Sensor Based Glove}},
  booktitle    = {Proc. IEEE Int. Conf. on Signal Processing},
  year         = {2015},
  note         = {Gesture recognition glove with Hall sensors}
}

@misc{honeywell2014ss490,
  author       = {Honeywell},
  title        = {{SS490 Series Linear Hall-Effect Sensor ICs – Datasheet}},
  year         = {2014},
  pages        = {1--4},
  note         = {General specs: sensitivity 3.125 mV/G, response time 3 µs, operating range ±600 G}
}

@article{langhorne2011stroke,
  title={Stroke rehabilitation},
  author={Langhorne, Peter and Bernhardt, Julie and Kwakkel, Gert},
  journal={The Lancet},
  volume={377},
  number={9778},
  pages={1693--1702},
  year={2011},
  publisher={Elsevier}
}

@article{veerbeek2014effects,
  title={Effects of robot-assisted therapy for the upper limb after stroke},
  author={Veerbeek, Janne M and Langbroek-Amersfoort, Astrid C and van Wegen, Erwin E and Meskers, Carel GM and Kwakkel, Gert},
  journal={Neurorehabilitation and neural repair},
  volume={31},
  number={2},
  pages={107--121},
  year={2014},
  publisher={SAGE Publications}
}

@misc{ti_datasheet,
  title={SS495A - Honeywell Hall Effect Sensor, Ratiometric Output},
  author={{RS}},
  howpublished={\url{https://za.rs-online.com/web/p/hall-effect-sensors/1697668?gb=s}},
  year={2023}
}

@book{popovic2013hall,
  title={Hall effect devices},
  author={Popovic, Radivoje S},
  year={2013},
  publisher={CRC press}
}

@incollection{gutierrez2002signal,
  title={Signal Conditioning and Preprocessing},
  author={Gutiérrez-Osuna, Ricardo},
  booktitle={Electronic Noses and Olfaction 2000},
  pages={15--24},
  year={2002},
  publisher={CRC Press}
}
